[gd_scene load_steps=9 format=2]

[ext_resource path="res://wall/wall.tscn" type="PackedScene" id=1]
[ext_resource path="res://paddle/paddle.tscn" type="PackedScene" id=2]
[ext_resource path="res://Main.gd" type="Script" id=3]
[ext_resource path="res://pit/pit.tscn" type="PackedScene" id=4]
[ext_resource path="res://GUI/ball_count/ball_count.tscn" type="PackedScene" id=5]
[ext_resource path="res://brick/bricks_tableau.tscn" type="PackedScene" id=6]

[sub_resource type="ProceduralSky" id=1]

[sub_resource type="Environment" id=2]
background_mode = 4
background_sky = SubResource( 1 )
glow_enabled = true
glow_levels/4 = true
glow_intensity = 0.5
glow_strength = 0.8
glow_blend_mode = 0
glow_hdr_threshold = 1.5

[node name="Main" type="Node"]

[node name="Main2D" type="Node2D" parent="."]
script = ExtResource( 3 )

[node name="Tableau" parent="Main2D" instance=ExtResource( 6 )]
position = Vector2( 7, 15 )
width = 7
height = 5
offset = Vector2( 140, 55 )

[node name="Paddle" parent="Main2D" instance=ExtResource( 2 )]
position = Vector2( 120, 576 )
scale = Vector2( 0.982103, 1 )
speed = 650.0

[node name="WallLeft" parent="Main2D" instance=ExtResource( 1 )]
position = Vector2( -8, 296 )
scale = Vector2( -0.829544, -31.6697 )
collision_mask = 0

[node name="WallRight" parent="Main2D" instance=ExtResource( 1 )]
position = Vector2( 1032, 296 )
scale = Vector2( -0.829544, -31.6697 )

[node name="WallTop" parent="Main2D" instance=ExtResource( 1 )]
position = Vector2( 512, -8 )
scale = Vector2( -51.8584, -0.803217 )

[node name="Pit" parent="Main2D" instance=ExtResource( 4 )]
position = Vector2( 512, 616 )
scale = Vector2( 52.4494, 0.883616 )

[node name="WorldEnvironment" type="WorldEnvironment" parent="Main2D"]
environment = SubResource( 2 )

[node name="GUI" type="Control" parent="."]
anchor_right = 1.0
anchor_bottom = 1.0
grow_horizontal = 0
size_flags_horizontal = 4
size_flags_vertical = 8
__meta__ = {
"_edit_use_anchors_": false
}

[node name="Ball Count" parent="GUI" instance=ExtResource( 5 )]
anchor_left = 1.0
anchor_top = 0.0
anchor_right = 1.0
anchor_bottom = 0.0
margin_left = -121.0
margin_top = 0.0
margin_right = 0.0

[connection signal="ball_count_changed" from="Main2D" to="GUI/Ball Count" method="_on_ball_count_changed"]
[connection signal="body_entered" from="Main2D/Pit" to="Main2D" method="_on_Pit_body_entered"]
